% referencias utilizadas

%--------------------INTRODUÇÃO-------------------%

@misc{faceel2014regulamento,
  title={RESOLU\c{C}{\~A}O FACEEL-IGE 002/2014 - de 05 de Dezembro de 2014},
  author={FACEEL},
  year={2014},
  publisher={Instituto de Geociências e Engenharias}
}


%-----------REVISÃO DE LITERATURA-------------------%
@book{pressman2009engenharia,
  title={Engenharia de Software},
  edition={7},
  author={Pressman, Roger S},
  year={2009},
  publisher={Amgh Editora}
}

@book{casteleyn2009engineering,
  title={Engineering web applications},
  author={Casteleyn, Sven and Daniel, Florian and Dolog, Peter and Matera, Maristella},
  volume={30},
  year={2009},
  publisher={Springer}
}

@article{braga2000gestao,
  title={A gest{\~a}o da informa{\c{c}}{\~a}o},
  author={Braga, Ascen{\c{c}}{\~a}o},
  journal={Millenium},
  year={2000},
  publisher={Instituto Polit{\'e}cnico de Viseu}
}

@book{mcknight2013information,
  title={Information management: strategies for gaining a competitive advantage with data},
  author={McKnight, William},
  year={2013},
  publisher={Newnes}
}

@book{siqueira2005gestao,
  title={Gest{\~a}o estrat{\'e}gica da informa{\c{c}}{\~a}o},
  author={Siqueira, Marcelo Costa},
  year={2005},
  publisher={Brasport}
}

@misc{parecer_8_2007,
    title={Dispõe sobre carga horária mínima e procedimentos relativos à integralização e duração dos cursos de graduação, bacharelados, na modalidade presencial},
    author={Nunes, Edson de Oliveira and Ronca, Antônio Carlos Caruso},
    year={2007},
    note={PARECER CNE/CES Nº8/2007}
}

@misc{parecer_492_2001,
    title={Diretrizes Curriculares Nacionais dos cursos de Filosofia, História, Geografia, Serviço Social, Comunicação Social, Ciências Sociais, Letras, Biblioteconomia, Arquivologia e Museologia},
    author={Durham, Eunice Ribeiro and Weber, Silke and Figueiredo, Vilma de Mendonça},
    year={2001},
    note={PARECER CNE/CES Nº492/2001}
}

@online{min_educ_perguntas,
  author = {MEC},
  title = {Perguntas frequentes sobre educação superior},
  url = {http://portal.mec.gov.br/sesu-secretaria-de-educacao-superior/perguntas-frequentes},
  publisher={Ministério da Educação},
  year={2018},
  urlaccessdate={19 de Mar. de 2021}
}

@online{elgabry2016requirements,
  author = {Omar Elgabry},
  title = {Requirements Engineering — Introduction (Part 1)},
  url = {https://medium.com/omarelgabrys-blog/requirements-engineering-introduction-part-1-6d49001526d3},
  publisher={Medium},
  year={2016},
  moth={Set},
  urlaccessdate={20 de Abr. de 2021}
}

@book{pmbok2017,
  title={Um Guia do Conhecimento em Gerenciamento de Projetos (Guia PMBOK)/Project Management Institute.},
  author={PMI},
  year={2017},
  edition={6},
  publisher={Newtown Square, PA: Project Management Institute}
}

%-----------------TRABALHOS CORRELATOS---------------%


@article{de2018implementaccao,
  title={Implementa{\c{c}}{\~a}o de um Sistema Multi-plataforma para Gerenciamento de Atividades Complementares em Cursos Superiores utilizando Banco de Dados noSQL},
  author={de Lima, Patrick Gon{\c{c}}alves and Correia, Luiz Henrique and da Silva, Carlos Alexandre Gouvea},
  journal={Revista de Inform{\'a}tica Aplicada},
  volume={14},
  number={2},
  year={2018}
}

@article{silva2013processo,
  title={Um processo de gest{\~a}o e an{\'a}lise de atividades complementares com o uso do ambiente virtual de aprendizagem moodle},
  author={da Silva, Leandro Augusto and de Aguiar Vallim Filho, Arnaldo Rabello},
  journal={Revista Trilha Digital},
  volume={1},
  number={1},
  year={2013}
}

@misc{cunha2014unipampa,
  title={SmartACG - Um aplicativo de Suporte ao
  Gerenciamento de Atividades Complementares
  de Graduação},
  author={Cunha, Rafhael Rodrigues},
  note={Monografia (Bacharel em Engenharia de
Software), UNIPAMPA (Universidade Federal do Pampa), Alegrete, Brazil},
  year={2014}
}

@article{de2017desenvolvimento,
  title={Desenvolvimento de um sistema web para acesso e controle de atividades complementares em cursos superiores},
  author={de Souza Rizzi, Highor and Coaioto, Kesse Jones Felix and Norbiato Jr, Jonas and da Cruz Fontana, Cayo Magno and Silveira, Pedro David Netto},
  journal={Revista Univap},
  volume={22},
  number={40},
  pages={678},
  year={2017}
}

@inproceedings{gomes2012genome,
  title={GENOME: uma ferramenta avaliativa de participa{\c{c}}{\~a}o virtual},
  author={Gomes, Apuena Vieira and da Silva Oliveira, Danise Suzy and Medeiros, Andreza Costa},
  booktitle={Anais dos Workshops do Congresso Brasileiro de Inform{\'a}tica na Educa{\c{c}}{\~a}o},
  volume={1},
  number={1},
  year={2012}
}

@article{cardoso2018desenvolvimento,
  title={Desenvolvimento do SAAMS-Sistema para assist{\^e}ncia estudantil e acompanhamento acad{\^e}mico},
  author={Cardoso, Alex Vargas},
  year={2018}
}

@inproceedings{barroca2013sigaa,
  title={SIGAA Mobile--O caso de sucesso da ferramenta de gest{\~a}o acad{\^e}mica na era da computa{\c{c}}{\~a}o m{\'o}vel},
  author={Barroca Filho, Itamir and Aquino, Gibeon and Santa Rosa, Jos{\'e} Guilherme},
  booktitle={Brazilian Symposium on Computers in Education (Simp{\'o}sio Brasileiro de Inform{\'a}tica na Educa{\c{c}}{\~a}o-SBIE)},
  volume={24},
  number={1},
  pages={92},
  year={2013}
}

@article{amin2018active,
  title={Active Database System Approach and Rule Based in the Development of Academic Information System},
  author={Amin, M Miftakul and Maseleno, Andino and Shankar, K and Perumal, Eswaran and Vidhyavathi, RM and Lakshmanaprabu, SK},
  journal={International Journal of Engineering \& Technology},
  volume={7},
  number={2.26},
  pages={95--101},
  year={2018}
}

@article{rodriguez2018desenvolvimento,
  title={Desenvolvimento de um sistema acad{\^e}mico-administrativo web com foco em usabilidade e acessibilidade},
  author={Rodr{\'\i}guez, Gabriel Guadalupe and Ramos, Marcela Corr{\^e}a Santos},
  publisher={Universidade Federal Fluminense},
  year={2018}
}

@article{offutt2002quality,
  title={Quality attributes of web software applications},
  author={Offutt, Jeff},
  journal={IEEE software},
  volume={19},
  number={2},
  pages={25--32},
  year={2002},
  publisher={IEEE}
}

%-----------METODOLOGIA-------------------%

@online{dias2019__modelo_incremental,
    title={O Modelo Incremental},
    author={Dias, Ricardo Pereira},
    month={Ago},
    year={2019},
    publisher={Medium},
    url={https://medium.com/contexto-delimitado/o-modelo-incremental-b41fc06cac04},
    urlaccessdate={15 de Abr. de 2021}
}
    % note={Online, Publicado em 22 de Agosto de 2019}

@online{typescript,
    title={Typed JavaScript at Any Scale},
    author={Microsoft},
    year={2021},
    publisher={Microsoft},
    url={https://www.typescriptlang.org/},
    urlaccessdate={20 de Abr. de 2021}
}

@online{interativa2019figma,
    title={Figma: uma nova ferramenta para design de interface que está ganhando o mercado | Sirius Interativa},
    author={Sirius Interativa},
    year={2019},
    month={Jan},
    publisher={Medium},
    url={https://medium.com/@Sirius_/figma-uma-nova-ferramenta-para-design-de-interface-que-est%C3%A1-ganhando-o-mercado-sirius-interativa-2e78e0905b44},
    urlaccessdate={21 de Abr. de 2021}
}

@online{javascript,
    title={JavaScript},
    author={MDN},
    year={2021},
    publisher={MDN Web Docs},
    url={https://developer.mozilla.org/pt-BR/docs/Web/JavaScript},
    urlaccessdate={20 de Abr. de 2021}
}

@online{lighthouse,
    title={Lighthouse},
    author={Google},
    year={2020},
    publisher={Google},
    url={https://developers.google.com/web/tools/lighthouse},
    urlaccessdate={18 de Abr. de 2021}
}

@online{react,
    title={React},
    author={Facebook},
    year={2021},
    publisher={Facebook},
    url={https://pt-br.reactjs.org/},
    urlaccessdate={10 de Abr. de 2021}
}

@online{chakraui,
    title={ChakraUI},
    author={ChakraUI},
    year={2021},
    publisher={ChakraUI},
    url={https://chakra-ui.com/},
    urlaccessdate={19 de Abr. de 2021}
}

@online{lucidchart,
    title={O aplicativo de diagramação inteligente para todas as equipes},
    author={Lucid},
    year={2021},
    publisher={Lucid},
    url={https://lucid.co/pt/produto/lucidchart},
    urlaccessdate={19 de Abr. de 2021}
}

@online{visualstudiocode,
    title={Visual Studio Code},
    author={Microsoft},
    year={2021},
    publisher={Microsoft},
    url={https://code.visualstudio.com/},
    urlaccessdate={21 de Abr. de 2021}
}

@online{node,
    title={Node.js},
    author={Node.js},
    year={2021},
    publisher={OpenJS Fundation},
    url={https://nodejs.org/en/},
    urlaccessdate={20 de Abr. de 2021}
}

@online{mysql,
    title={MySQL},
    author={Oracle},
    year={2021},
    publisher={Oracle},
    url={https://www.mysql.com/},
    urlaccessdate={20 de Abr. de 2021}
}

@online{typeorm,
    title={TypeORM},
    author={TypeORM},
    year={2021},
    publisher={TypeORM},
    url={https://typeorm.io/#/},
    urlaccessdate={18 de Abr. de 2021}
}

@online{fonseca2019orm,
    title={O que é ORM?},
    author={Fonseca, Elton},
    year={2019},
    month={Jan},
    publisher={TreinaWeb},
    url={https://www.treinaweb.com.br/blog/o-que-e-orm/},
    urlaccessdate={10 de Abr. de 2021}
}

@online{beekeeper,
    title={Open Source SQL Editor and Database Manager},
    author={Beekeeper Studio},
    year={2021},
    publisher={Beekeeper Studio},
    url={https://www.beekeeperstudio.io/},
    urlaccessdate={17 de Abr. de 2021}
}

@online{insomnia,
    title={Insomnia},
    author={Insomnia},
    year={2021},
    publisher={Insomnia},
    url={https://insomnia.rest/},
    urlaccessdate={17 de Abr. de 2021}
}

@online{git,
    title={Git},
    author={Git},
    year={2021},
    publisher={Git},
    url={https://git-scm.com/},
    urlaccessdate={20 de Abr. de 2021}
}

@online{oracle2021bancorelacional,
    title={O Que É um Banco de Dados Relacional},
    author={Oracle},
    year={2021},
    publisher={Oracle},
    url={https://www.oracle.com/br/database/what-is-a-relational-database/},
    urlaccessdate={17 de Abr. de 2021}
}

%-----------PROPOSTA-------------------%

@online{trello,
  author = {Atlassian},
  title = {Trello},
  url = {https://trello.com/pt-BR},
  publisher={Atlassian},
  year={2021},
  urlaccessdate={2 de Abr. de 2021}
}

@online{clemente2020cores,
  author = {Clemente, Matheus},
  title = {Entenda o que é Psicologia das Cores e descubra o significado de cada cor},
  url = {https://rockcontent.com/br/blog/psicologia-das-cores/},
  publisher={rockcontent},
  year={2020},
  month={Jul},
  urlaccessdate={21 de Abr. de 2021}
}

@online{roveda2018frontend,
  author = {Roveda, Ugo},
  title = {O que {\'e} front-end, para que serve e como aprender front-end},
  url = {https://kenzie.com.br/blog/front-end/},
  publisher={Kenzie Academy},
  year={2018},
  month={Dez},
  urlaccessdate={21 de Abr. de 2021}
}

@misc{wazlawick2014analise,
  title={An{\'a}lise e Design Orientados a Objetos para Sistemas de Informa{\c{c}}{\~a}o},
  author={Wazlawick, Raul Sidnei},
  year={2014},
  publisher={Elsevier}
}

@misc{mesh2020__metodo_kanban,
    title={Método Kanban: Guia detalhado e 5 modelos prontos para usar},
    author={Mesh, Janet},
    month={Mar},
    year={2020},
    editor={Trello},
    url={https://blog.trello.com/br/metodo-kanban},
    urlaccessdate={2 de Abr. de 2021}
}

@misc{paixao2020__solid,
    title={O que é SOLID: O guia completo para você entender os 5 princípios da POO},
    author={Paix{\~a}o, João Roberto da},
    month={Jan},
    year={2019},
    editor={Medium},
    url={https://medium.com/desenvolvendo-com-paixao/o-que-%C3%A9-solid-o-guia-completo-para-voc%C3%AA-entender-os-5-princ%C3%ADpios-da-poo-2b937b3fc530},
    urlaccessdate={7 de Abr. de 2021}
}

@misc{costa2020__rest,
    title={Introdução REST},
    author={Costa, Hugo},
    year={2019},
    month={Jan},
    publisher={Medium},
    url={https://medium.com/trainingcenter/introdu%C3%A7%C3%A3o-rest-7ec4cefd16c8},
    urlaccessdate={15 de Abr. de 2021}
}

@book{guedes2018uml,
  title={UML 2-Uma abordagem pr{\'a}tica},
  author={Guedes, Gilleanes TA},
  year={2018},
  publisher={Novatec Editora}
}

@online{lucid2021er,
    title={O que é um diagrama entidade relacionamento?},
    author={Lucid},
    year={2021},
    publisher={Lucid},
    url={https://www.lucidchart.com/pages/pt/o-que-e-diagrama-entidade-relacionamento},
    urlaccessdate={22 de Abr. de 2021}
}

%-----------------RESULTADOS---------------%

@online{morais2010qualidade,
  author = {Morais, Lenildo},
  title = {Qualidade de Software - Engenharia de Software 29},
  url = {https://www.devmedia.com.br/qualidade-de-software-engenharia-de-software-29/18209},
  publisher={Devmedia},
  year={2010},
  urlaccessdate={19 de Abr. de 2021}
}

%-----------------CONCLUSÃO---------------%
